<?xml version="1.0" encoding="UTF-8"?><collection xmlns="http://www.loc.gov/MARC21/slim"><record><leader>00377nam--2200133-i-4500</leader><controlfield tag="001">000018945</controlfield><controlfield tag="002">20161230</controlfield><controlfield tag="005">20161230201033</controlfield><controlfield tag="008">060222s1000------------r-----000-0-eng-d</controlfield><datafield ind1=" " ind2=" " tag="080"><subfield code="a">007</subfield></datafield><datafield ind1=" " ind2=" " tag="100"><subfield code="a">Fletchner, Joachim</subfield></datafield><datafield ind1=" " ind2=" " tag="245"><subfield code="a">Grundbegriffe der kybernetik.eine einfuhrung</subfield></datafield><datafield ind1=" " ind2=" " tag="260"><subfield code="a">Stuttgart, Wissenschaftliche Verlagsgesellschaft M.B.H., 1967. Xi + 423 P</subfield></datafield><datafield ind1=" " ind2=" " tag="852"><subfield code="a">25935</subfield></datafield></record></collection>